<?xml version="1.0" encoding="UTF-8"?><collection xmlns="http://www.loc.gov/MARC21/slim"><record><leader>00536nam--2200193-i-4500</leader><controlfield tag="001">000026565</controlfield><controlfield tag="002">20161230</controlfield><controlfield tag="005">20161230201036</controlfield><controlfield tag="008">060222s1000------------r-----000-0-ger-d</controlfield><datafield ind1=" " ind2=" " tag="040"><subfield code="a">IFIN-HH</subfield></datafield><datafield ind1=" " ind2=" " tag="041"><subfield code="a">ger</subfield></datafield><datafield ind1=" " ind2=" " tag="080"><subfield code="a">53.08:539.12</subfield></datafield><datafield ind1="1" ind2=" " tag="100"><subfield code="a">Kiefer, Hans</subfield></datafield><datafield ind1="1" ind2="0" tag="245"><subfield code="a">Strahlenschutzmesstechnik. mit 291 bildern und 107 tafelen</subfield><subfield code="c">Hans kiefer, rupprecht maushart</subfield></datafield><datafield ind1=" " ind2=" " tag="260"><subfield code="a">Karlsruhe</subfield><subfield code="b">Verlag G. Braun</subfield><subfield code="c">1964</subfield></datafield><datafield ind1=" " ind2=" " tag="300"><subfield code="a">XII+599P</subfield></datafield><datafield ind1="1" ind2=" " tag="700"><subfield code="a">Maushart, Rupprecht</subfield></datafield><datafield ind1=" " ind2=" " tag="852"><subfield code="a">21280</subfield><subfield code="c">53.08</subfield></datafield><datafield ind1=" " ind2=" " tag="CAT"><subfield code="a">Sys</subfield><subfield code="c">20151027</subfield><subfield code="h">151451</subfield></datafield></record></collection>